@article{lenstra2012ron,
   title={Ron was wrong, Whit is right},
   author={Lenstra, Arjen K and Hughes, James P and Augier, Maxime and Bos, Joppe W and Kleinjung, Thorsten and Wachter, Christophe},
   journal={IACR eprint archive},
   volume={64},
   year={2012}
}

@inproceedings{fujimoto2009high,
   title={High-throughput multiple-precision {GCD} on the {CUDA} architecture},
   author={Fujimoto, N.},
   booktitle={Signal Processing and Information Technology (ISSPIT), 2009 IEEE International Symposium on},
   pages={507--512},
   year={2009},
   organization={IEEE}
}

@article{peters2011fast,
   title={Fast in-place, comparison-based sorting with {CUDA}: a study with bitonic sort},
   author={Peters, H. and Schulz-Hildebrandt, O. and Luttenberger, N.},
   journal={Concurrency and Computation: Practice and Experience},
   volume={23},
   number={7},
   pages={681--693},
   year={2011},
   publisher={Wiley Online Library}
}

@article{dean2008mapreduce,
   title={Map{R}educe: simplified data processing on large clusters},
   author={Dean, J. and Ghemawat, S.},
   journal={Communications of the {ACM}},
   volume={51},
   number={1},
   pages={107--113},
   year={2008},
   publisher={ACM}
}

@inproceedings{scharfglass2012breaking,
   title={Breaking weak 1024-bit {RSA} keys with {CUDA}},
   author={Kerry Scharfglass and Darrin Weng and Joseph White and Chris Lupo},
   booktitle={Parallel and Distributed Computing, Applications and Technologies (PDCAT)},
   year={2012}
}

@inproceedings{schaa2009exploring,
   title={Exploring the multiple-{GPU} design space},
   author={Schaa, D. and Kaeli, D.},
   booktitle={Parallel \& Distributed Processing, 2009. IPDPS 2009. IEEE International Symposium on},
   pages={1--12},
   year={2009},
   organization={IEEE}
}

@article{thibault2009cuda,
   title={{CUDA} implementation of a {N}avier-{S}tokes solver on multi-{GPU} desktop platforms for incompressible flows},
   author={Thibault, J.C. and Senocak, I.},
   journal={Mechanical and Biomedical Engineering Faculty Publications and Presentations},
   pages={4},
   year={2009}
}

@inproceedings{wu2009clustering,
   title={Clustering billions of data points using {GPU}s},
   author={Wu, R. and Zhang, B. and Hsu, M.},
   booktitle={Proceedings of the combined workshops on UnConventional high performance computing workshop plus memory access workshop},
   pages={1--6},
   year={2009},
   organization={ACM}
}

'@misc{charles2012chunking,
   author={Fu, Charles},
   title={Chunking data across multiple {C++ AMP} kernels},
   month={March},
   year={2012},
   howpublished={\url{http://blogs.msdn.com/b/nativeconcurrency/archive/2012/03/05/chunking-data-across-multiple-c-amp-kernels.aspx}}
}

@inproceedings{ryoo2008optimization,
   title={Optimization principles and application performance evaluation of a multithreaded {GPU} using {CUDA}},
   author={Ryoo, S. and Rodrigues, C.I. and Baghsorkhi, S.S. and Stone, S.S. and Kirk, D.B. and Hwu, W.W.},
   booktitle={Proceedings of the 13th ACM SIGPLAN Symposium on Principles and practice of parallel programming},
   pages={73--82},
   year={2008},
   organization={ACM}
}

' RSA Survey

@misc{rsa2004supports,
   title={{RSA} Security Supports Open Mobile Alliance {DRM} 2.0 for Delivery
      of Secure Content},
   key={{RSA} {S}ecurity {I}nc.},
   howpublished={\url{http://www.rsa.com/press_release.aspx?id=3337}},
   note={Accessed: 27 February 2013},
   year={2004}
}

@misc{rsa2004announces,
   title={{RSA} Security Announces New Digital Rights Management Solution},
   key={{RSA} {S}ecurity {I}nc.},
   howpublished={\url{http://www.rsa.com/press_release.aspx?id=5159}},
   note={Accessed: 22 February 2013},
   year={2004}
}

@misc{tlsconcepts,
   title={Transport Security Layer ({TLS}) Concepts},
   key={Kaazing WebSocket Gateway},
   howpublished={\url{http://tech.kaazing.com/documentation/xmpp/3.5/security/c_tls.html}},
   note={Accessed: 3 March 2013},
   year={2013}
}

@inproceedings{labovitz2011internet,
   title={Internet {T}raffic {E}volution 2007-2011},
   author={Labovitz, C},
   booktitle={Global Peering Forum, April},
   year={2011}
}

@misc{rsa2007challenge,
   title={The {RSA} {F}actoring {C}hallenge},
   howpublished={\url{http://www.rsa.com/rsalabs/node.asp?id=2093}},
   key={{RSA} {L}aboratories},
   year={2007}
}

@inproceedings{holz2011ssl,
   title={The {SSL} landscape: a thorough analysis of the X.509 {PKI} using active and passive measurements},
   author={Holz, Ralph and Braun, Lothar and Kammenhuber, Nils and Carle, Georg},
   booktitle={Proceedings of the 2011 ACM SIGCOMM conference on Internet measurement conference},
   pages={427--444},
   year={2011},
   organization={ACM}
}

' Original paper

@article{rivest1978method,
   title={A method for obtaining digital signatures and public-key cryptosystems},
   author={Rivest, Ronald L and Shamir, Adi and Adleman, Len},
   journal={Communications of the ACM},
   volume={21},
   number={2},
   pages={120--126},
   year={1978},
   publisher={ACM}
}

@misc{nvidiakepler, 
   title={{NVIDIA's} Next Generation {CUDA} Compute Architecture: {Kepler GK110}},
   key={{NVIDIA} Corporation},
   howpublished="\url{http://www.nvidia.com/content/PDF/kepler/NVIDIA-Kepler-GK110-
      Architecture-Whitepaper.pdf}",
   year={2012}
}

@misc{nvidia2012gpu,
   title={{CUDA} Occupancy Calculator},
   key={{NVIDIA} Corporation},
   howpublished="\url{http://developer.download.nvidia.com/compute/cuda/CUDA_Occupancy_calculator.xls}", 
   year={2012}
}

@misc{nvidia2012programming,
   title={{NVIDIA} {CUDA} {C} Programming Guide},
   key={{NVIDIA} Corporation},
   howpublished="\url{http://developer.download.nvidia.com/compute/DevZone/docs/html/C/doc/CUDA_C_Programming_Guide.pdf}",
   year={2012}
}

@article{stein1967computational,
   title={Computational problems associated with {R}acah algebra},
   author={Stein, J.},
   journal={Journal of Computational Physics},
   volume={1},
   number={3},
   pages={397--405},
   year={1967},
   publisher={Elsevier}
}

@article{vallee1998complete,
   title={The complete analysis of the binary {E}uclidean algorithm},
   author={Vall{\'e}e, B.},
   journal={Algorithmic Number Theory},
   pages={77--94},
   year={1998},
   publisher={Springer}
}
