@article{lenstra2012ron,
   TITLE={Ron was wrong, {W}hit is right},
   AUTHOR={Lenstra, A.K. and Hughes, J.P. and Augier, M. and Bos, J.W. and Kleinjung, T. and Wachter, C.},
   JOURNAL={IACR eprint archive},
   VOLUME={64},
   YEAR={2012},
   NOTE="[Online; accessed May 2012]"
}

@inproceedings{scharfglass2012breaking,
   TITLE={Breaking weak 1024-bit {RSA} keys with {CUDA}},
   AUTHOR={Kerry Scharfglass and Darrin Weng and Joseph White and Chris Lupo},
   BOOKTITLE={Parallel and Distributed Computing, Applications and Technologies (PDCAT)},
   YEAR={2012}
}

@misc{rsa2004supports,
   TITLE={{RSA} Security Supports Open Mobile Alliance {DRM} 2.0 for Delivery
      of Secure Content},
   HOWPUBLISHED={\url{http://www.rsa.com/press_release.aspx?id=3337}},
   NOTE={Accessed:22 February 2013}
}

@misc{rsa2004announces,
   TITLE={{RSA} Security Announces New Digital Rights Management Solution},
   HOWPUBLISHED={\url{http://www.rsa.com/press_release.aspx?id=5159}},
   NOTE={Accessed:22 February 2013}
}

@misc{tlsconcepts,
   TITLE={Transport Security Layer ({TLS}) Concepts},
   HOWPUBLISHED={\url{http://tech.kaazing.com/documentation/xmpp/3.5/security/c_tls.html}},
   NOTE={Accessed:22 February 2013}
}

@inproceedings{labovitz2011internet,
   title={Internet traffic evolution 2007-2011},
   author={Labovitz, C},
   booktitle={Global Peering Forum, April},
   year={2011}
}


@inproceedings{rsa2007challenge,
   title={The {RSA} factoring challenge},
   howpublished={\url{http://www.rsa.com/rsalabs/node.asp?id=2093}},
   year={2007}
}

@inproceedings{holz2011ssl,
   title={The {SSL} landscape: a thorough analysis of the X.509 {PKI} using active and passive measurements},
   author={Holz, Ralph and Braun, Lothar and Kammenhuber, Nils and Carle, Georg},
   booktitle={Proceedings of the 2011 ACM SIGCOMM conference on Internet measurement conference},
   pages={427--444},
   year={2011},
   organization={ACM}
}
